%% This BibTeX bibliography file was created using BibDesk.
%% http://bibdesk.sourceforge.net/


%% Created for Tobias Gerstenberg at 2019-03-07 20:31:41 -0800 


%% Saved with string encoding Unicode (UTF-8) 

@article{bates1977social,
  title={Social adjustment and politeness in preschoolers.},
  author={Bates, Elizabeth and Silvern, Louise},
  journal={Journal of Communication},
  year={1977},
  publisher={Blackwell Publishing}
}

@article{bock1981development,
  title={The development of directives: How children ask and tell},
  author={Bock, J Kathryn and Hornsby, Mary E},
  journal={Journal of child language},
  volume={8},
  number={1},
  pages={151--163},
  year={1981},
  publisher={Cambridge University Press}
}

@incollection{ervin1977wait,
  title={Wait for me, roller skate!},
  author={Ervin-Tripp, Susan},
  booktitle={Child discourse},
  pages={165--188},
  year={1977},
  publisher={Elsevier}
}

@incollection{grice1975logic,
  title={Logic and conversation},
  author={Grice, Herbert P},
  booktitle={Speech acts},
  pages={41--58},
  year={1975},
  publisher={Brill}
}

@article{haidt2004intuitive,
  title={Intuitive ethics: How innately prepared intuitions generate culturally variable virtues},
  author={Haidt, Jonathan and Joseph, Craig},
  journal={Daedalus},
  volume={133},
  number={4},
  pages={55--66},
  year={2004},
  publisher={MIT Press}
}

@article{hamlin2007social,
  title={Social evaluation by preverbal infants},
  author={Hamlin, J Kiley and Wynn, Karen and Bloom, Paul},
  journal={Nature},
  volume={450},
  number={7169},
  pages={557--559},
  year={2007},
  publisher={Nature Publishing Group}
}

@book{hauser2006moral,
  title={Moral minds: How nature designed our universal sense of right and wrong.},
  author={Hauser, Marc},
  year={2006},
  publisher={Ecco/HarperCollins Publishers}
}

@inproceedings{lakoff1973logic,
  title={The logic of politeness; or, minding your p’s and q’s},
  author={Lakoff, Robin},
  booktitle={ninth regional meeting of the Chicago Linguistic Society},
  volume={8},
  pages={292--305},
  year={1973},
  organization={292J305. Chicago: Chicago Linguistic Society}
}

@article{pinker2003language,
  title={Language as an adaptation to the cognitive niche},
  author={Pinker, Steven},
  journal={Studies in the Evolution of Language},
  volume={3},
  pages={16--37},
  year={2003},
  publisher={Oxford University Press}
}

@article{read1978preschool,
  title={Preschool children's production of directive forms},
  author={Read, Barbara K and Cherry, Louise J},
  journal={Discourse Processes},
  volume={1},
  number={3},
  pages={233--245},
  year={1978},
  publisher={Taylor \& Francis}
}

@article{ryabova2015politeness,
  title={Politeness Strategy in Everyday Communication},
  author={Ryabova, Marina},
  journal={Procedia-Social and Behavioral Sciences},
  volume={206},
  pages={90--95},
  year={2015},
  publisher={Elsevier}
}

@article{thomas2019infants,
  title={Infants choose those who defer in conflicts},
  author={Thomas, Ashley J and Sarnecka, Barbara W},
  journal={Current Biology},
  volume={29},
  number={13},
  pages={2183--2189},
  year={2019},
  publisher={Elsevier}
}

@article{vergis2020factors,
  title={Factors in the perception of speaker politeness: the effect of linguistic structure, imposition and prosody},
  author={Vergis, Nikos and Pell, Marc D},
  journal={Journal of Politeness Research},
  volume={16},
  number={1},
  pages={45--84},
  year={2020},
  publisher={De Gruyter Mouton}
}

@inproceedings{yoon2019preschool,
  title={Preschool children's understanding of polite requests.},
  author={Yoon, Erica J and Frank, Michael C},
  booktitle={CogSci},
  pages={3179--3185},
  year={2019}
}

@article{yoon2020polite,
  title={Polite speech emerges from competing social goals},
  author={Yoon, Erica J and Tessler, Michael Henry and Goodman, Noah D and Frank, Michael C},
  journal={Open Mind},
  volume={4},
  pages={71--87},
  year={2020},
  publisher={MIT Press}
}
